
@article{PolarizacionImagenes,
	author = {Yavuz, Mehmet},
	title = {{Linear, Circular and Elliptical Polarization Animation in a Single Shot}},
	journal = {Pinterest},
	year = {2014},
	month = sep,
	url = {https://ar.pinterest.com/pin/354940014355760560}
}


@misc{QDM-RBI-RMI,
title = {Indicador de direcci√≥n (DF direction finder y ADF automatic direction finder)},
howpublished = {El vuelo de la Gran Avutarda},
url = {https://greatbustardsflight.blogspot.com/2019/09/indicador-de-direccion-df-direction.html}
}


@Misc{onda_electro_magnetica,
  author = {IMA},
  howpublished = {IMA},
  year = {2020},
  url  = {https://www.imamagnets.com/blog/que-son-ondas-electromagneticas/}
}

@Misc{LoranC_user_book,
howpublished = {US Department of Transportation, United States Coast Guard},
title = {LORAN-C User Handbook},
year = {1992},
url = {https://www.loran.org/otherarchives/1992%20Loran-C%20User%20Handbook%20-%20USCG.pdf}
}

@book{Loran1962,
  title={The Loran-C System of Navigation},
  author={Atlantic Research Corporation. Jansky \& Bailey Divisions and United States. Coast Guard},
  year={1962},
  publisher={prepared for U.S. Coast Guard by Jansky \& Bailey [a division of Atlantic Research Corporation]}
}

@misc{Boeing787_antenas,
title = {Gentileza Boeing},
author = {Boeing},
url = {https://certificacionaeronauticasite.wordpress.com/2017/06/16/certifucacion-aeronautica/} 
}

@book{tooley2017aircraft,
  title={Aircraft Communications and Navigation Systems, 2nd ed},
  author={Tooley, M. and Wyatt, D.},
  isbn={9781317938330},
  year={2017},
  publisher={CRC Press}
}

@book{Anexo14Vol1,
  title={{Anexo 14 al Convenio sobre aviaci{\'o}n civil internacional: aer{\'o}dromos. Volumen 1, Dise{\~n}o y operaciones de aer{\'o}dromos}},
  author={OACI},
  series={Normas y m{\'e}todos recomendados internacionales},
  year={2018},
  publisher={Organizaci{\'o}n de Aviaci{\'o}n Civil Internacional}
}

@misc{T-VasisAeropuerto,
	title = {{T-VASIS installation over-view {\&} runway markings - 2007}},
	year = {2022},
	month = feb,
	note = {[Online; accessed 7. Sep. 2022]},
	url = {https://www.airwaysmuseum.com/T-VASIS%20installation.htm#}
}

@misc{T-VasisCajaLuz,
	title = {{T-VASIS}},
	year = {2022},
	month = feb,
	note = {[Online; accessed 7. Sep. 2022]},
	url = {https://www.airwaysmuseum.com/T-VASIS%20lightbox.htm}
}

@article{ALSfoto,
	author = {Y{\ifmmode\acute{e}\else\'{e}\fi}benes, Javier},
	title = {{Sistemas visuales de aproximaci{\ifmmode\acute{o}\else\'{o}\fi}n - Gaceta Aeronautica}},
	journal = {Gaceta Aeronautica},
	year = {2015},
	month = jul,
	url = {https://www.gacetaeronautica.com/gaceta/wp-101/?p=12829}
}

@misc{NuevasAproximaciones,
	title = {{A new approach}},
	journal = {Engineering Pilot},
	year = {2020},
	month = apr,
	note = {[Online; accessed 7. Sep. 2022]},
	url = {https://www.engineeringpilot.com/post/2018/09/23/a-new-approach}
}

@misc{VOR-Wikipedia,
	title = {{File:D-VOR PEK.JPG - Wikimedia Commons}},
	year = {2024},
	month = jun,
	note = {[Online; accessed 2. Jul. 2024]},
	url = {https://commons.wikimedia.org/wiki/File:D-VOR_PEK.JPG}
}

