@misc{MovimientoPolosMagneticos,
	title = {{Magnetic North, Geomagnetic and Magnetic Poles}},
	year = {2020},
	month = {Jan},
	url = {http://wdc.kugi.kyoto-u.ac.jp/poles/polesexp.html#Fig1}
}

@book{mayboudi2019flight,
  title={Flight Science: Mathematics, Techniques, Sensibility},
  author={Mayboudi, L.S.},
  isbn={9781683922155},
  lccn={2018964989},
  year={2019},
  publisher={Mercury Learning and Information}
}
