

@article{ResumenDiferentesTecnologiasAvionica,
author = {Blasch, Erik and Kostek, Paul and Paces, Pavel and Kramer, Kathleen},
year = {2015},
month = {09},
pages = {6-11},
title = {Summary of Avionics Technologies},
volume = {30},
journal = {IEEE Aerospace and Electronic Systems Magazine},
doi = {10.1109/MAES.2015.150012},
\url = {https://www.researchgate.net/profile/Erik-Blasch/publication/283567145_Summary_of_Avionics_Technologies/links/5df3b9b04585159aa47bedc4/Summary-of-Avionics-Technologies.pdf}, 
}


@article{EvolucionDeBusesEnAvionica,
author = {Safwat, Nour {el-din} and Eldakroury, Mohamed and Zekry, Abdelhalim},
year = {2014},
month = {05},
title = {The Evolution of Aircraft Data Networks},
volume = {94(11):27-32,},
journal = {International Journal of Computer Applications},
doi = {10.5120/16389-5968} ,
url = {https://www.researchgate.net/profile/Nour-El-Din-Safwat/publication/262353066_The_Evolution_of_Aircraft_Data_Networks/links/5fd0c263299bf188d4046cdf/The-Evolution-of-Aircraft-Data-Networks.pdf},
}


@Misc{Boeing777_cabina,
  howpublished = {Team-BHP. Boeing 777 - Pilot\textsc{\char13}s Review },
  title =  {Pilot\textsc{\char13}s Review},
  year = {2011},
  url = {https://www.team-bhp.com/forum/commercial-vehicles/175938-boeing-777-pilots-review.html}
}

@book{munioz2016ergonomia,
  title={Ergonom\'\ia b\'asica},
  author={Mu\~noz, J.E.},
  isbn={9789587624540},
  year={2016},
  publisher={Ediciones de la U}
}

@Article{cabina_ergonomia_fisica,
  author = 	 { Shubham, Shirude and Devendra, Jagtap},
  title = 	 {Design Review of Aircraft Cockpit for  Aesthetic and Ergonomic Considerations},
  journal = 	 {International Journal of Science and Research (IJSR)},
  year = 	 {2017},
  url = {https://www.ijsr.net/search_index_results_paperid.php?id=ART2017582},
  volume = 	 {6},
  pages = 	 {39-45},
  month = 	 {February}
}

@book{sanders1993human,
  title={Human Factors in Engineering and Design},
  author={Sanders, M.S. and McCormick, E.J.},
  isbn={9780071128261},
  lccn={92000194},
  series={McGraw-Hill International Editions},
  year={1993},
  publisher={McGraw-Hill}
}



@article{ergonomia_cognitiva_long_john,
author = {Long, John},
year = {2000},
month = {07},
pages = {557-560},
title = {Cognitive Ergonomics - Past, Present, Future: 10 Lessons Learned (10 Lessons Remaining)},
volume = {44},
journal = {Proceedings of the Human Factors and Ergonomics Society Annual Meeting}
}


@Misc{wiki_ergonomia_cognitiva,
  title  = {Ergonom\'ia Cognitiva},
  howpublished = {Wikipedia},
  url = {https://es.wikipedia.org/wiki/Ergonom\%C3\%ADa_cognitiva}
}

@Misc{wiki_ergonomia_fisica,
  title  = {Ergonom\'ia F\'isica},
  howpublished = {Wikipedia},
  url = {https://es.wikipedia.org/wiki/Ergonom%C3%ADa#Ergonom%C3%ADa_f%C3%ADsica}
}



@Misc{Asociacion_int_ergonomia,
  title = 	 {Asociaci\'on Internacional de Ergonom\'ia (IEA) },
  url      =     {https://www.iea.cc/whats/}
}

@Misc{6-pack,
  OPTkey = 	 {},
  author = 	 { McKay, Geoff},
  title = 	 {Six Pack – The Primary Flight Instruments},
  OPThowpublished = {},
  url = {https://learntofly.ca/six-pack-primary-flight-instruments/},
  month = 	 {March},
  year = 	 {2010},
}

@Booklet{RAF_37,
  title = 	 {Royal Air Force Historical Society, Journal 37},
  year = 	 {2006},
  url  =         {https://www.rafmuseum.org.uk/documents/research/RAF-Historical-Society-Journals/Journal-37-Seminar-Flight%20Safety.pdf}
}

@inproceedings{Bonelli2011FlyingWC,
  title={Flying with complexity ; bringing touch screens into the cockpit},
  author={ Bonelli, Stefano and  Napoletano, Linda },
  year={2011},
  url = {https://pdfs.semanticscholar.org/3a76/d77fa2e8346e53935ed05df6cb1946fb9619.pdf}
}

@article{Lim2018AvionicsHI,
  title={Avionics Human-Machine Interfaces and Interactions for Manned and Unmanned Aircraft},
  author={Yixiang Lim and Alessandro Gardi and Roberto Sabatini and Subramanian Ramasamy and Trevor Kistan and Neta Ezer and Julian P. Vince and Robert S. Bolia},
  journal={Progress in Aerospace Sciences},
  year={2018},
  volume={102},
  pages={1-46}
}

@article{Safi2019ReviewOA,
  title={Review of augmented reality in aerospace industry},
  author={Maryam Safi and Joon Chung and P. M. S. Pradhan},
  journal={Aircraft Engineering and Aerospace Technology},
  year={2019},
  volume={91},
  pages={1187-1194}
}


@misc{NASA_Mumaw,
author = {Mumaw, Randall and Feary, Michael and Fucke, Lars and Stewart, Michael and Ritprasert, Randy and Popovici, Alexandru and Deshmukh, Rohit},
howpublished = {NASA/TM—2018–219775},
year = {2018},
month = {03},
title = {Managing Complex Airplane System Failures through a Structured Assessment of Airplane Capabilities}
}


@Misc{747-400-cabina,
  OPTkey = 	 {},
  author = 	 {Darryl Wilkins},
  title = 	 {Flight deck of a Boeing 747-400},
  month = 	 {July},
  year = 	 {2006},
  OPTnote = 	 {},
  annote = 	 {},
  howpublished = {\footnotesize Information |Description=Flight deck of a Boeing 747-400 |Source=[http://www.flickr.com/photos/8234210@N07/493581445/ Cockpit] * Uploaded by Altair78 |Date=2006-07-15 03:33 |Author=[http://www.flickr.com/people/8234210@N07 Darryl Wilki},
  url    = {https://commons.wikimedia.org/wiki/File:Boeing_747-400_cockpit.jpg}
}


@book{Human_Engineering_Guide_to_Equipment_Design,
  title={Human Engineering Guide to Equipment Design},
  author={United States. Department of Defense. Joint Services Steering Committee and Van Cott, H.P. and Kinkade, R.G.},
  isbn={9780471800118},
  lccn={72600054},
  year={1972},
  publisher={Department of Defense},
  url = {https://apps.dtic.mil/dtic/tr/fulltext/u2/758339.pdf}
}

@book{Introduction_to_Human_Factors_and_Ergonomics_for_Engineers,
  title={Introduction to Human Factors and Ergonomics for Engineers},
  author={Lehto, M.R. and Landry, S.J.},
  isbn={9781466584167},
  series={Human Factors and Ergonomics},
  year={2012},
  publisher={CRC Press}
}

@book{landry2017handbook,
  title={Handbook of Human Factors in Air Transportation Systems},
  author={Landry, S.J.},
  isbn={9781351652292},
  series={Human Factors and Ergonomics},
  year={2017},
  publisher={CRC Press}
}

@book{wise2016handbook,
  title={Handbook of Aviation Human Factors},
  author={Wise, J.A. and Hopkin, V.D. and Garland, D.J.},
  isbn={9781420063578},
  lccn={2009024331},
  series={Human factors in transportation},
  year={2016},
  publisher={CRC Press}
}

@book{Learning_to_communicate,
  title={Learning to communicate},
  isbn={9788177645156},
  url={https://books.google.com.ar/books?id=Wtn-yoXrmnAC},
  year={2004},
  publisher={Allied Publishers Private Limited}
}

@TechReport{FAA_human_factors_flight_deck_displays,
  author = 	 {Yeh, Michelle and   Swider, Cathy and,   Jin Jo, Young   and  Donovan Colleen},
  title = 	 {Human Factors Considerations in the Design and Evaluation of Flight Deck Displays and Controls},
  institution =  {Federal Aviation Administration},
  year = 	 {2016},
  OPTkey = 	 {},
  OPTtype = 	 {},
  OPTnumber = 	 {},
  OPTaddress = 	 {},
  month = 	 {December},
  OPTnote = 	 {},
  url = {https://www.volpe.dot.gov/sites/volpe.dot.gov/files/docs/Human_Factors_Considerations_in_the_Design_and_Evaluation_of_Flight_Deck_Displays_and_Controls_V2.pdf},
  OPTannote = 	 {}
}


@TechReport{Transport_aircraft_cockpit_standardization,
  author = 	 { Sulzer, Richard},
  title = 	 {Transport aircraft cockpit standardization (Federal Aviation Regulations Part 25) Final Report},
  institution =  {Federal Aviation Administration},
  year = 	 {1981},
  OPTkey = 	 {},
  OPTtype = 	 {},
  OPTnumber = 	 {},
  OPTaddress = 	 {},
  month = 	 {November},
  OPTnote = 	 {},
url = {https://apps.dtic.mil/dtic/tr/fulltext/u2/a108924.pdf},
  OPTannote = 	 {}
}

@book{higham2004flying,
  title={Flying American Combat Aircraft of WWII: 1939-45},
  author={Higham, R.D.S. and Williams, C.},
  isbn={9780811731249},
  lccn={2003023081},
  series={Stackpole Military History Series},
  year={2004},
  publisher={Stackpole Books}
}


@Misc{ARINC429Tutorial2010,
  OPTkey = 	 {},
  author = 	 {Frodyma, Pat and Waldmann, B.},
  title = 	 {ARINC 429 Specification tutorial},
  howpublished = {AIM GmbH, Germany},
  month = 	 {November},
  year = 	 {2010},
  note = 	 {v2.1},
  OPTannote = 	 {}
}

@Misc{MIL-1553-tutorial,
author ={ Waldmann , B. },
howpublished = {{AIM GmbH}},
title = {{MIL-STD-1553. Specification Tutorial}},
note = {{V2.4}}, 
month = {July},
year = { 2019},
url = {https://www.aim-online.com/products-overview/tutorials/mil-std-1553-tutorial/}, 
}

@book{tooley2013aircraft,
  title={Aircraft Digital Electronic and Computer Systems, 2nd ed},
  author={Tooley, M.},
  isbn={9781135052812},
  year={2013},
  publisher={Taylor \& Francis}
}



%---------------------------------IMA

@Misc{a380IMA,
  author = 	 {Itier, J.B.},
  title = 	 {A380 Integrated Modular Avionics},
  year = 	 {2007},
  url       =    {http://www.artist-embedded.org/docs/Events/2007/IMA/Slides/ARTIST2_IMA_Itier.pdf},

}

%------------------HUD

@misc{MikesFlightDeck,
	title = {{Head Up Displays}},
	year = {2018},
	month = may,
	note = {[Online; accessed 30. Jul. 2022]},
	url = {http://www.mikesflightdeck.com/hud/head_up_displays.html}
}