

@book{moyacomunicaciones,
  title={Comunicaciones por Radio. Tecnolog{\'\i}as, redes y servicios de radiocomunicaciones.},
  author={HUIDOBRO, J. M. and ORD{\'o}{\~n]EZ, J. L.},
  publisher = {{RA-MA Editorial}},
  year = 2014,
}



@book{eismin1994aircraft,
  title={Aircraft Electricity and Electronics},
  author={Eismin, T.K.},
  isbn={9780071132862},
  lccn={lc93043328},
  series={Aerospace science and technology series},
  year={1994},
  publisher={Glencoe}
}



@book{Introduction_to_Radar_Systems,
   title =     {Introduction to Radar Systems},
   author =    {Merrill Ivan Skolnik},
   publisher = {Mcgraw-Hill College},
   isbn =      {9780070579095,0-07-057909-1},
   year =      {1980},
   series =    {},
   edition =   {2nd}
}

@book{Naval_education_radar_principles,
   title =     {Radar Principles},
   author =    {Naval Education & Training Professional Development & Technology Center},
   publisher = {Naval Education & Training Professional Development & Technology Center}
}


@book{Pulse_Doppler_Radar,
   title =     {Pulse Doppler Radar: Principles, Technology, Applications},
   author =    {Clive Alabaster},
   publisher = {SciTech Publishing},
   isbn =      {1891121987, 9781891121982},
   year =      {2012}
}


@book{Principles_of_Modern_Radar_Basic_Principles,
   title =     {Principles of Modern Radar: Basic Principles},
   author =    {Mark A. Richards, James A. Scheer, William A. Holm},
   publisher = {SciTech Publishing},
   isbn =      {1891121529, 9781891121524},
   year =      {2010}
 }

@book{Principles_of_Modern_Radar_Advanced_Techniques,
   title =     {Principles of Modern Radar: Advanced Techniques},
   author =    {William L. Melvin, James A. Scheer},
   publisher = {SciTech Publishing},
   isbn =      {1891121537,  9781891121531},
   year =      {2013}
}

@book{Weather_Radar_Principles_and_Advanced_Applications,
   title =     {Weather Radar: Principles and Advanced Applications},
   author =    {Frank Gekat, Peter Meischner, Katja Friedrich, Martin Hagen (auth.), Dr. Peter Meischner (eds.)},
   publisher = {Springer-Verlag Berlin Heidelberg},
   isbn =      {978-3-642-05561-4,978-3-662-05202-0},
   year =      {2004},
   series =    {Physics of Earth and Space Environments}
}


@book{Radar_Principles,
   title =     {Radar Principles},
   author =    {Peyton Z. Peebles},
   publisher = {Wiley},
   isbn =      {9780471252054,0-471-25205-0},
   year =      {1998}
}



@book{Historia_radar,
   title =     {Technical History of the Beginnings of Radar (Radar, Sonar, Navigation and Avionics)},
   author =    {S.S. Swords},
   publisher = {Institution Of Engineering And Technology},
   isbn =      {086341043X,9780863410437},
   year =      {1986},
   series =    {History and Management of Technology}
}


@book{Radar_encyclopedia,
   title =     {Radar technology encyclopedia},
   author =    {David K. Barton, David K. Barton, Sergey A. Leonov},
   publisher = {Artech House},
   isbn =      {9780890068939,0-89006-893-3},
   year =      {1997},
   series =    {The Artech House radar library}
}

@book{Secundary_surveillance_radar,
   title =     {Secondary Surveillance Radar},
   author =    {Michael Stevens},
   publisher = {Artech Print on Demand},
   isbn =      {9780890062920,0890062927},
   year =      {1988},
   series =    {Artech House Radar Library}
}


@book{Fourier_transforms_in_radar_and_signal_processing,
   title =     {Fourier transforms in radar and signal processing},
   author =    {David Brandwood},
   publisher = {Artech House},
   isbn =      {1580531741,9781580531740,9781580536134},
   year =      {2003},
   series =    {Artech House radar library}
}

@book{Stimsons_Introduction_to_Airborne_Radar,
   title =     {Stimson’s Introduction to Airborne Radar},
   author =    {Hugh D. Griffiths, Christopher Baker, David Adamy},
   publisher = {SciTech Publishing},
   isbn =      {1613530226,9781613530221},
   year =      {2014},
   series =    {Electromagnetics and Radar},
   edition =   {3}
}


@book{Introduction_to_Airborne_Radar,
   title =     {Introduction to Airborne Radar},
   author =    {G.W. Stimson},
   publisher = {The Institution of Engineering and Technology},
   isbn =      {9780852969427,0852969422},
   year =      {1998},
   series =    {IEE Radar Series},
   edition =   {2Rev Ed}
}


@book{Radar_Cross_Section,
   title =     {Radar Cross Section},
   author =    {Eugene F. Knott},
   publisher = {SciTech Publishing},
   isbn =      {9781891121555,1891121553},
   year =      {2006}
}


@book{Galati_radar,
   title =     {Advanced radar techniques and systems},
   author =    {Gaspare Galati},
   publisher = {Peter Peregrinus on behalf of the Institution of Electrical Engineers},
   isbn =      {086341172X,9780863411724},
   year =      {1993},
   series =    {IEE radar, sonar, navigation and avionics series 4}
}

@Misc{Radioaltimetro_airbus,
  OPTkey = 	 {},
  author = 	 { Prevot, Sandra and  Goodwin, Ian},
  title = 	 {Radar Altimeter Systems, Correct Maintenance Practices},
  url ={https://www.google.com/url?sa=t&rct=j&q=&esrc=s&source=web&cd=&ved=2ahUKEwiprPe6zPHqAhVDILkGHUsdDyMQFjAAegQIBBAB&url=https%3A%2F%2Fwww.airbus.com%2Fcontent%2Fdam%2Fcorporate-topics%2Fpublications%2Ffast%2FFast_49.pdf&usg=AOvVaw0_0-suku2CUYlwhd2al17W}},
  month = 	 {January},
  year = 	 {2012},
  note = 	 {FAST 49  Magazine},
  OPTannote = 	 {}
}



@book{Rogers_Schetz_Applied-mathematics_in_integrated_navigation_systems,
   title =     {Applied mathematics in integrated navigation systems},
   author =    {Robert M. Rogers, Joseph A. Schetz},
   publisher = {AIAA (American Institute of Aeronautics & Ast},
   isbn =      {9781563476563,1563476568},
   year =      {2003},
   series =    {Aiaa Education Series},
   edition =   {2nd}
}

@book{Tooley_Design_engineering_manual,
   title =     {Design engineering manual},
   author =    {Michael H Tooley},
   publisher = {Butterworth-Heinemann },
   isbn =      {9781856178389,1856178382},
   year =      {2010},
   series =    {},
   edition =   {1st ed}
}


@book{Fuhs_Schetz_Handbook_fluid_dynamics_vol_01,
   title =     {Handbook of Fluid Dynamics and Fluid Machinery, Vol. 1: Fundamentals of Fluid Dynamics},
   author =    {Allen E.Fuhs; Joseph A. Schetz},
   publisher = {John Wiley & Sons},
   isbn =      {0471125989,9780471125983},
   year =      {1996}
}

@book{Fuhs_Schetz_Handbook_fluid_dynamics_vol_02,
   title =     {Handbook of Fluid Dynamics and Fluid Machinery v.2},
   author =    {Joseph A Schetz; Allen E Fuhs (eds.)},
   publisher = {Wiley},
   isbn =      {0471873527,9780471873525,0471125989,9780471125983,0471125970,9780471125976,0471140902,9780471140900},
   year =      {1996}
}

@book{Tooley_Aircraft_communications_and_navigation_systems,
  title =      {Aircraft communications and navigation systems},
   author =    {Tooley, Michael and Wyatt, David},
   publisher=  {CRC Press},
   isbn =      {9781317938330},
   year =      {2017},
   edition =   {2nd edition}
}



@book{Spitzer_Digital_Avionics_Handbook,
   title =     {Digital Avionics Handbook, Third Edition},
   author =    {Cary R. Spitzer, Uma Ferrell, Thomas Ferrell},
   publisher = {CRC Press},
   isbn =      {1439868611,9781439868614},
   year =      {2014},
   edition =   {3}
}

@book{Tooley_Aircraft_Digital_Electronic_and_Computer_Systems,
   title =     {Aircraft Digital Electronic and Computer Systems},
   author =    {Mike Tooley},
   publisher = {Routledge},
   isbn =      {0415828600,9780415828604},
   year =      {2013},
   edition =   {2}
}



@book{Tooley_Aircraft_Engineering_Principles,
   title =     {Aircraft Engineering Principles},
   author =    {Lloyd Dingle, Mike Tooley},
   publisher = {Routledge},
   isbn =      {0080970842,9780080970844},
   year =      {2013},
   series =    {Taylor & Francis Aerospace and Aviation Engineering},
   edition =   {2}
}

@book{Tooley_Aircraft_Electrical_and_Electronic_Systems,
   title =     {Aircraft Electrical and Electronic Systems: Principles, Maintenance and Operation},
   author =    {Mike Tooley BA; Advanced Technological and Higher National Certificates  Kingston University, David Wyatt},
   publisher = {},
   isbn =      {0750686952,9780750686952,9780080942971},
   year =      {2008}
}


@book{martnez2006sistemas,
  title={Sistemas el{\'e}ctricos y electr{\'o}nicos de las aeronaves},
  author={Mart{\'i}nez Rueda, Jes{\'u}s},
  isbn={9788428329286},
  year={2006},
  publisher={Thomson-Paraninfo}
}


@book{Tanenbaum,
   title =     {Redes de computadoras},
   author =    {Andrew S. Tanenbaum, David J. Wetherall},
   publisher = {Pearson},
   isbn =      {6073208170,9786073208178},
   year =      {2013},
   series =    {},
   edition =   {5},
   volume =    {}
}


@book{Kurose,
   title =     {Redes de computadoras : un enfoque descendente},
   author =    {Kurose, James F.; Ross, Keith W.},
   publisher = {Pearson Educación},
   isbn =      {9788478291199,8478291199},
   year =      {2010},
   series =    {},
   edition =   {5},
   volume =    {}
}
@book{Moir_Civil_Avionics_Systems,
   title =     {Civil Avionics Systems},
   author =    { Moir, Ian and  Seabridge, Allan  and   Jukes, Malcolm},
   publisher = {Wiley},
   isbn =      {1118341805,9781118341803},
   year =      {2013},
   series =    {},
   edition =   {2}
}

@book{Marwedel_sistemas_embebidos,
   title =     {Embedded System Design : Embedded Systems, Foundations of Cyber-Physical Systems, and the Internet of Things},
   author =    {Marwedel, Peter},
   publisher = {Springer International Publishing : Imprint: Springer},
   isbn =      { 978-3-319-56043-4,3319560433,978-3-319-56045-8,331956045X },
   year =      {2018},
   series =    {Embedded Systems},
   edition =   {3rd ed.}
}

@book{Noergaard_sistemas_embebidos,
   title =     {Embedded Systems Architecture: A Comprehensive Guide for Engineers and Programmers},
   author =    {Tammy Noergaard},
   publisher = {Newnes},
   isbn =      {0750677929,9780750677929},
   year =      {2005},
   series =    {Embedded Technology}
}

@book{Simon_sistemas_embebidos,
   title =     {An Embedded Software Primer},
   author =    {David E. Simon},
   publisher = {AW},
   isbn =      {020161653X,9780201616538},
   year =      {2000},
   series =    {},
   edition =   {CD-Rom}
}


@book{Ganssle_sistemas_embebidos,
   title =     {Art of Designing Embedded Systems},
   author =    {Jack Ganssle},
   publisher = {Newnes},
   isbn =      {0750686448,978-0-7506-8644-0},
   year =      {2008},
   series =    {},
   edition =   {2}
}


@book{kayton_avionics_navigation_systems,
  title={Avionics Navigation Systems},
  author={Kayton, M. and Fried, W.R.},
  isbn={9780471547952},
  lccn={96023729},
  series={A Wiley-Interscience publication},
  year={1997},
  publisher={Wiley}
}


@Misc{Dentro_del_espectro_radiofrecuencias,
howpublished = {imagen } , 
url = {https://i.pinimg.com/originals/cd/88/b9/cd88b97ac7eb949a3efefab4d7482aed.jpg}, 
}

@misc{historia_radiofrecuencias,
	author = {Am{\ifmmode\acute{e}\else\'{e}\fi}rica, Tes},
	title = {{{\textquestiondown}Qu{\ifmmode\acute{e}\else\'{e}\fi} es el Espectro Radioel{\ifmmode\acute{e}\else\'{e}\fi}ctrico?}},
	year = {2021},
	month = {Aug},
	note = {[Online; accessed 4. Aug. 2021]},
	url = {https://www.tesamerica.com/que-es-el-espectro-radioelectrico}
}


@Misc{Espectro_comunicaciones,
  author = 	 {Mestre Rovira, Josep },
  title = 	 {NTP 234: Exposición a radiofrecuencias y microondas (I). Evaluación},
  howpublished = {{Instituto Nacional de Seguridad e Higiene en el Trabajo}},
url = {https://www.insst.es/documents/94886/327166/ntp_234.pdf/528209f8-f019-4027-8005-3162e4b17100?version=1.0&t=1528464318725},
}

@book{mark1993human,
  title={Human Factors in Engineering and Design},
  author={Mark S. Sanders and McCormick, E.J.},
  isbn={9780071128261},
  lccn={92000194},
  series={McGraw-Hill International Editions},
  url={https://books.google.com.ar/books?id=3d5QPQAACAAJ},
  year={1993},
  publisher={McGraw-Hill}
}


@Article{van_der_Veer,
  author = 	 {Gerrit C. van der Veer },
  title = 	 {Cognitive Ergonomics in Interface Design - Discussion of 
a Moving Science },
  journal = 	 {Journal of Universal Computer Science},
  year = 	 {2008},
  OPTkey = 	 {},
  volume = 	 {14},
  number = 	 {16},
  pages = 	 {2614-2629},
  OPTmonth = 	 {},
  OPTnote = 	 {},
  url	=	 {https://pdfs.semanticscholar.org/ea75/ca4d902bc5089c8542751e7ed03c97c13197.pdf},
  OPTannote = 	 {}
}

@book{bhandari2010design,
  title={Design of Machine Elements},
  author={Bhandari, V.B.},
  isbn={9780070681798},
  year={2010},
  publisher={Tata McGraw-Hill}
}



@book{pallett1992aircraft,
  title={Aircraft Instruments and Integrated Systems},
  author={Pallett, E.H.J.},
  isbn={9780582086272},
  lccn={93192771},
  year={1992},
  publisher={Longman}
}



@Misc{HUD,
  OPTkey = 	 {},
  author = 	 {},
  title = "Head Up Displays",
  OPThowpublished = {},
  OPTmonth = 	 {},
  OPTyear = 	 {},
  note = 	 {\url{http://www.mikesflightdeck.com/hud/head_up_displays.html}}
}

@Book{American-Practical-Navigator,
	title="American Practical Navigator",
	author=" ",
	editor=" ",
	edition=" ",
	year=" ",
	note={\url{http://msi.nga.mil/NGAPortal/MSI.portal?_nfpb=true&_pageLabel=msi_portal_page_62&pubCode=0002}
		}
} 

@Book{Salazar_nav_aerea,
	title = "Navegaci{\'o}n A{\'e}rea, Cartograf{\'i}a y Cosmograf{\'i}a
",
	author = "Salazar H{\'e}rnandes Dagoberto, Jos{\'e}",
	editor = "Universitat Polit{\`e}cnica {de Catalunya}",
	edition = "6ta",
	year = "2008",
	note = {\url{http://atenea.upc.edu}
               }  
}

@Book{ ADF-teoria,
	title = "Automatic Direction Finder - ADF (ESQUEMA)",
	author = "Salazar H{\'e}rnandes Dagoberto Jos{\'e}",
	editor = "Universitat Polit{\`e}cnica {de Catalunya}",
	edition = " ",
	year = " ",
	note = {\url{http://nacc.upc.es/adf/index.html}
               }  
}


@Book{ Aena_SENASA_nav_aerea,
	title = "    M{\'o}dulo 4: Circulaci{\'o}n a{\'e}rea
Unidad 1: Fundamentos y procedimientos",
	author = "Aena {- SENASA}",
        year = " "
}

@Misc{ wikipedia_esp,
	title = "Wikipedia. La enciclopedia libre (espa{\~n}ol)",
        author= "Wikipedia",
	note  = {\url{http://es.wikipedia.org}}
}

@Misc{US_Coast-Guard,
	title = "US. Coast Guard",
        author= "US. Coast Guard",
	note  = {\url{http://www.navcen.uscg.gov/loran/default.htm}}
}

@Misc{Historia_LORAN,
	title = "Loran-history.info website",
	note  = {\url{http://www.loran-history.info/}}
}

@Book{Introduction_to_Avionics_Systems,
  author = 	 {R.P.G. Collinson},
  ALTeditor = 	 {},
  title = 	 {Introduction to Avionics Systems},
  publisher = 	 {Springer Dordrecht Heidelberg London New York},
  year = 	 {2011},
  edition = 	 {Third}
}

@book{FAA_Aviation_Maintenance_Technician_Handbook_Vol02,
  title={Aviation Maintenance Technician Handbook: Airframe, Volume 2: FAA-H-8083-31A, Volume 2},
  author={Academics, F.A.F.A.A.A.S.},
  isbn={9781619548350},
  series={Asa FAA Handbook},
  url={https://www.faa.gov/regulations_policies/handbooks_manuals/aircraft/media/amt_airframe_hb_vol_2.pdf},
  year={2018},
  publisher={Aviation Supplies \& Academics, Incorporated}
}

