@article{Miller2021Jan,
	author = {Miller, Kenneth and Erdos, David},
	title = {{The Dawn of MEMS Sensors for Directional Drilling}},
	journal = {JPT},
	year = {2021},
	month = {Jan},
	publisher = {JPT},
	url = {https://jpt.spe.org/dawn-mems-sensors-directional-drilling}
}

https://www.researchgate.net/publication/226465352_Theory_and_Design_of_Micromechanical_Vibratory_Gyroscopes



@inbook{MEMSgiroscopos,
author = {Apostolyuk, Vladislav},
year = {2007},
month = {08},
pages = {173-195},
title = {Theory and Design of Micromechanical Vibratory Gyroscopes},
volume = {1},
isbn = {978-0-387-24520-1},
journal = {MEMS/NEMS Handbook},
doi = {10.1007/0-387-25786-1_6},
url = {https://www.researchgate.net/publication/226465352_Theory_and_Design_of_Micromechanical_Vibratory_Gyroscopes},
}

@article{Hornish1994777AF,
  title={777 Autopilot Flight Director System},
  author={ Hornish, R. R.},
  journal={AIAA/IEEE Digital Avionics Systems Conference. 13th DASC},
  year={1994},
  pages={151-156}
}

