@misc{MovimientoPolosMagneticos,
	title = {{Magnetic North, Geomagnetic and Magnetic Poles}},
	year = {2020},
	month = {Jan},
	url = {http://wdc.kugi.kyoto-u.ac.jp/poles/polesexp.html#Fig1}
}