@GLOSSDEF{ATC,
  word="Air Traffic Control",
  short="ATC",
  definition="El sistema m\'as popular de codificaci\'on
	}

@GLOSSDEF{VHF,
  word="Very High Frecuency",
  short="VHF",
  definition="Very High Frecuency (Frecuencia muy alta)"
	}